@phdthesis{Larranaga,
abstract = {En este tema vamos a introducir el paradigma de redes neuronales artificiales, muy popular dentro de la Inteligencia Computacional. El enfoque que se va a seguir en la introducci{\'{o}}n del paradigma es fundamentalmente como una herramienta para resolver problemas de clasificaci{\'{o}}n supervisada. En ning{\'{u}}n momento tratamos de plantear un modelo del sistema nervioso de los seres vivos. A lo largo del tema se comienza en la Secci{\'{o}}n 8.2, introduciendo de manera muy resumida aquellos aspectos mas relevantes de un sistema neuronal artificial, tales co-mo neurona, dendrita, ax{\'{o}}n, sinapsis, funci{\'{o}}n de activaci{\'{o}}n, finaliz{\'{a}}ndose la secci{\'{o}}n con la exposici{\'{o}}n de distintos tipos de arquitecturas de redes neuronales. En la Secci{\'{o}}n 8.3 se presenta el modelo de red neuronal mas simple, el denominado asociador lineal, incluy{\'{e}}ndose en la secci{\'{o}}n algunas ideas relacionadas con el aprendizaje Hebbiano. La Secci{\'{o}}n 8.4 presenta el perceptr{\'{o}}n simple junto con el algoritmo de aprendizaje de pesos propuesto por Rosenblatt (1962) para este modelo de red neuronal. La Sec-ci{\'{o}}n 8.5 introduce la denominada adalina junto con la regla de actualizaci{\'{o}}n de pesos propuesta para la misma por Widrow y Hoff (1960). El modelo perceptr{\'{o}}n multicapa al igual que el algoritmo de retropropagaci{\'{o}}n de error propuesto para el mismo por vez primera por Werboz (1974) se desarrollan en la Secci{\'{o}}n 8.6. 8.2 Sistema Neuronal Artificial Introducci{\'{o}}n biol{\'{o}}gica: • 1888 Ram{\'{o}}n y Cajal demuestra que el sistema nervioso est{\'{a}} compuesto por una red de c{\'{e}}lulas individuales, las neuronas, ampliamente interconectadas entre s{\'{i}}. La informaci{\'{o}}n fluye desde las dendritas hacia el ax{\'{o}}n atravesando el soma.},
author = {Larra{\~{n}}aga, Pedro},
file = {:C$\backslash$:/Users/WELCOME/AppData/Local/Mendeley Ltd./Mendeley Desktop/Downloaded/Larra{\~{n}}aga - Unknown - Tema 8. Redes Neuronales.pdf:pdf},
school = {Universidad del Pa´ıs Vasco–Euskal Herriko Unibertsitatea},
title = {{Tema 8. Redes Neuronales}},
url = {http://www.sc.ehu.es/ccwbayes/docencia/mmcc/docs/t8neuronales.pdf}
}

@article{BIBING2017,
author = {BIBING},
file = {:D$\backslash$:/Downloads/Redes de una capa.pdf:pdf},
keywords = {condiciones espec{\'{i}}ficas y desconocidas,conectividad existente en las,detalles con respecto a,elevado porcentaje de aleatoriedad,inteligentes en general,mcculloch,opon{\'{i}}a al an{\'{a}}lisis de,para organismos biol{\'{o}}gicos concretos,por lo que se,redes biol{\'{o}}gicas tiene un,rosenblatt cre{\'{i}}a que la,sin entrar en mayores},
pages = {1--11},
title = {{El Perceptr{\'{o}}n}},
year = {2017}
}
